<record><leader>00000cas a22000007a 4500</leader><controlfield tag="001">35197447</controlfield><controlfield tag="008">960806d1907190uokuwr n       0    0eng d</controlfield><datafield ind1=" " ind2=" " tag="010"><subfield code="a">sn 96093814 </subfield></datafield><datafield ind1=" " ind2=" " tag="040"><subfield code="a">OBN</subfield><subfield code="b">eng</subfield><subfield code="c">OBN</subfield><subfield code="d">OCLCQ</subfield></datafield><datafield ind1=" " ind2=" " tag="042"><subfield code="a">msc</subfield></datafield><datafield ind1=" " ind2=" " tag="043"><subfield code="a">n-us-ok</subfield></datafield><datafield ind1="0" ind2="4" tag="245"><subfield code="a">The Carlton journal.</subfield></datafield><datafield ind1=" " ind2=" " tag="260"><subfield code="a">Carlton, Okla. :</subfield><subfield code="b">D.T. Armstrong</subfield></datafield><datafield ind1=" " ind2=" " tag="300"><subfield code="a">v.</subfield></datafield><datafield ind1=" " ind2=" " tag="310"><subfield code="a">Weekly</subfield></datafield><datafield ind1="1" ind2=" " tag="362"><subfield code="a">Began in 1907.</subfield></datafield><datafield ind1=" " ind2=" " tag="588"><subfield code="a">Description based on: Vol. 4, no. 42 (Sep. 19, 1907).</subfield></datafield><datafield ind1=" " ind2="0" tag="651"><subfield code="a">Carlton (Okla.)</subfield><subfield code="v">Newspapers.</subfield></datafield><datafield ind1=" " ind2="0" tag="651"><subfield code="a">Blaine County (Okla.)</subfield><subfield code="v">Newspapers.</subfield></datafield><datafield ind1=" " ind2=" " tag="752"><subfield code="a">United States</subfield><subfield code="b">Oklahoma</subfield><subfield code="c">Blaine</subfield><subfield code="d">Carlton.</subfield></datafield><datafield ind1="0" ind2="0" tag="780"><subfield code="t">Longdale ledger</subfield><subfield code="w">(DLC)sn 96093813</subfield><subfield code="w">(OCoLC)35197388</subfield></datafield><datafield ind1="1" ind2=" " tag="029"><subfield code="a">AU@</subfield><subfield code="b">000012746163</subfield></datafield></record>